@article{halabi2019rsna,
  title={The RSNA pediatric bone age machine learning challenge},
  author={Halabi, Safwan S and Prevedello, Luciano M and Kalpathy-Cramer, Jayashree and Mamonov, Artem B and Bilbily, Alexander and Cicero, Mark and Pan, Ian and Pereira, Lucas Ara{\'u}jo and Sousa, Rafael Teixeira and Abdala, Nitamar and others},
  journal={Radiology},
  volume={290},
  number={2},
  pages={498--503},
  year={2019},
  publisher={Radiological Society of North America}
}

@book{tanner2001assessment,
  title={Assessment of skeletal maturity and prediction of adult height (TW2 method)},
  author={Tanner, James Mourilyan and Whitehouse, RH and Cameron, N and Marshall, WA and Healy, MJR and Goldstein, H and others},
  year={2001},
  publisher={Saunders London}
}

@book{greulich1959radiographic,
  title={Radiographic atlas of skeletal development of the hand and wrist},
  author={Greulich, William Walter and Pyle, Sarah Idell},
  year={1959},
  publisher={Stanford university press}
}

@inproceedings{selvaraju2017grad,
  title={Grad-cam: Visual explanations from deep networks via gradient-based localization},
  author={Selvaraju, Ramprasaath R and Cogswell, Michael and Das, Abhishek and Vedantam, Ramakrishna and Parikh, Devi and Batra, Dhruv},
  booktitle={Proceedings of the IEEE international conference on computer vision},
  pages={618--626},
  year={2017}
}

@inproceedings{hu2018squeeze,
  title={Squeeze-and-excitation networks},
  author={Hu, Jie and Shen, Li and Sun, Gang},
  booktitle={Proceedings of the IEEE conference on computer vision and pattern recognition},
  pages={7132--7141},
  year={2018}
}

@inproceedings{liu2019extract,
  title={Extract bone parts without human prior: end-to-end convolutional neural network for pediatric bone age assessment},
  author={Liu, Chuanbin and Xie, Hongtao and Liu, Yizhi and Zha, Zhengjun and Lin, Fanchao and Zhang, Yongdong},
  booktitle={International Conference on Medical Image Computing and Computer-Assisted Intervention},
  pages={667--675},
  year={2019},
  organization={Springer}
}

@inproceedings{ji2019prsnet,
  title={PRSNet: Part Relation and Selection Network for Bone Age Assessment},
  author={Ji, Yuanfeng and Chen, Hao and Lin, Dan and Wu, Xiaohua and Lin, Di},
  booktitle={International Conference on Medical Image Computing and Computer-Assisted Intervention},
  pages={413--421},
  year={2019},
  organization={Springer}
}

@inproceedings{he2016deep,
  title={Deep residual learning for image recognition},
  author={He, Kaiming and Zhang, Xiangyu and Ren, Shaoqing and Sun, Jian},
  booktitle={Proceedings of the IEEE conference on computer vision and pattern recognition},
  pages={770--778},
  year={2016}
}

@inproceedings{wu2019residual,
  title={Residual attention based network for hand bone age assessment},
  author={Wu, Eric and Kong, Bin and Wang, Xin and Bai, Junjie and Lu, Yi and Gao, Feng and Zhang, Shaoting and Cao, Kunlin and Song, Qi and Lyu, Siwei and others},
  booktitle={2019 IEEE 16th International Symposium on Biomedical Imaging (ISBI 2019)},
  pages={1158--1161},
  year={2019},
  organization={IEEE}
}

@inproceedings{szegedy2016rethinking,
  title={Rethinking the inception architecture for computer vision},
  author={Szegedy, Christian and Vanhoucke, Vincent and Ioffe, Sergey and Shlens, Jon and Wojna, Zbigniew},
  booktitle={Proceedings of the IEEE conference on computer vision and pattern recognition},
  pages={2818--2826},
  year={2016}
}

@inproceedings{vaswani2017attention,
  title={Attention is all you need},
  author={Vaswani, Ashish and Shazeer, Noam and Parmar, Niki and Uszkoreit, Jakob and Jones, Llion and Gomez, Aidan N and Kaiser, {\L}ukasz and Polosukhin, Illia},
  booktitle={Advances in neural information processing systems},
  pages={5998--6008},
  year={2017}
}

@inproceedings{zhong2020random,
  title={Random Erasing Data Augmentation.},
  author={Zhong, Zhun and Zheng, Liang and Kang, Guoliang and Li, Shaozi and Yang, Yi},
  booktitle={AAAI},
  pages={13001--13008},
  year={2020}
}